@book{Kai,
  title={A Course in Probability Theory (Second Edition)},
  author={Kai Lai, Chung},
}

@book{Stein2005Real,
  title={Real analysis},
  author={Stein, Elias M and Shakarchi, Rami},
  year={2005},
  publisher={Princeton University Press}
}

@book{1974Mathe-Logic-Mendelson,
  title={Introduction to Mathematical Logic, Sixth Edition},
  author={Elliott， Mendelson},
  publisher={CRC Press},
  year={2015},
}

@book{Folland-Real,
  title={Real analysis:Modern techniques and their applications (Second edition)},
  author={G.B.,Folland},
  year={1999},
  publisher={Wiley}
}

@misc{milneGT,
  author={Milne, James S.},
  title={Group Theory (v3.13)},
  year={2013},
  note={Available at
  \url{http://www.jmilne.org/math/CourseNotes/gt.html}},
  pages={127}
}

@book{Rosen2006Discrete,
  title={Discrete Mathematics and Its Applications: And Its Applications},
  author={Rosen, Kenneth H.},
  year={2006},
}

@book{armstrong2013groups,
  title={Groups and symmetry},
  author={Armstrong, Mark A},
  year={2013},
  publisher={Springer Science \& Business Media}
}

@book{biler1990problems,
  title={Problems in mathematical analysis},
  author={Biler, Piotr and Witkowski, Alfred},
  year={1990},
  publisher={CRC Press}
}

@book{1974Naive,
  title={Naive Set Theory},
  author={Pual R. Halmos},
  publisher={Springer New York},
  year={1974},
}

@book{garnier2001discrete,
  title={Discrete mathematics for new technology},
  author={Garnier, Rowan and Taylor, John},
  year={2001},
  publisher={CRC Press}
}

@book{Wiki-FOL,
  author={Wikipedia},
  title={First-order logic},
  note={Available at
  \url{https://en.wikipedia.org/wiki/First-order-logic}},
}

@book{陈天权2009数学分析讲义,
  title={数学分析讲义（第一册）},
  author={陈天权},
  publisher={北京大学出版社},
  year={2009},
}

@book{李文威代数卷一,
  title={代数学方法（第一卷）：基础架构},
  author={李文威},
  publisher={高等教育出版社},
  year={2018},
  note={详见
  \url{http://www.wwli.url.tw/index.php/zh-CN/booksitem-zh-cn}}
}

@book{聂灵沼2000代数学引论,
  title={代数学引论-第2版},
  author={聂灵沼，丁石孙},
  publisher={高等教育出版社},
  year={2000},
}

@book{离散数学屈婉玲,
  title={离散数学（第2版）},
  author={屈婉玲，耿素云，张立昂},
  publisher={高等教育出版社},
  year={2015},
}

@book{2008陶哲轩实分析,
  title={陶哲轩实分析},
  author={陶哲轩},
  publisher={人民邮电出版社},
  year={2008},
}

@book{数学基础汪芳庭,
  title={数学基础},
  author={汪芳庭},
  publisher={科学出版社},
  year={2001},
}

@book{周民强2001实变函数论,
  title={实变函数论},
  author={周民强},
  publisher={北京大学出版社},
  year={2001},
}
